@book{book:{99406499},
   title =     {Language and Emotion: Volume 1},
   publisher = {De Gruyter Mouton},
   isbn =      {9783110347524; 3110347520; 9783110347487; 3110347482},
   year =      {2022},
   series =    {Handb√ºcher zur Sprach- und Kommunikationswissenschaft / Handbooks of Linguistics and Communication Science [HSK]; 46/1},
   url =       {libgen.ee/file.php?md5=1365f1a2a68985c556e0e1cd297e70e6}}



@article{kousta2011representation,
  title={The representation of abstract words: why emotion matters.},
  author={Kousta, Stavroula-Thaleia and Vigliocco, Gabriella and Vinson, David P and Andrews, Mark and Del Campo, Elena},
  journal={Journal of Experimental Psychology: General},
  volume={140},
  number={1},
  pages={14},
  year={2011},
  publisher={American Psychological Association}
}

@article{strik2021linguistic,
  title={The linguistic dimensions of concrete and abstract concepts: lexical category, morphological structure, countability, and etymology},
  author={Strik Lievers, Francesca and Bolognesi, Marianna and Winter, Bodo},
  journal={Cognitive Linguistics},
  volume={32},
  number={4},
  pages={641--670},
  year={2021},
  publisher={De Gruyter}
}

